<record><leader>00000cas a22000007a 4500</leader><controlfield tag="001">24513571</controlfield><controlfield tag="008">911008d19uu1964arudn ne      0    0eng d</controlfield><datafield ind1=" " ind2=" " tag="010"><subfield code="a">sn 91050183 </subfield></datafield><datafield ind1=" " ind2=" " tag="040"><subfield code="a">ANU</subfield><subfield code="b">eng</subfield><subfield code="c">ANU</subfield><subfield code="d">OCLCQ</subfield><subfield code="d">OCLCF</subfield><subfield code="d">OCLCO</subfield></datafield><datafield ind1="1" ind2=" " tag="029"><subfield code="a">AU@</subfield><subfield code="b">000025860342</subfield></datafield><datafield ind1=" " ind2=" " tag="042"><subfield code="a">msc</subfield></datafield><datafield ind1=" " ind2=" " tag="043"><subfield code="a">n-us-ar</subfield></datafield><datafield ind1="0" ind2=" " tag="130"><subfield code="a">Evening times (El Dorado, Ark.)</subfield></datafield><datafield ind1="1" ind2="4" tag="245"><subfield code="a">The Evening times.</subfield></datafield><datafield ind1="3" ind2="0" tag="246"><subfield code="a">Consolidated issue of the Evening times and El Dorado daily news</subfield></datafield><datafield ind1="3" ind2="0" tag="246"><subfield code="a">Combined features of the Evening times and El Dorado daily news</subfield></datafield><datafield ind1=" " ind2=" " tag="260"><subfield code="a">El Dorado, Ark. :</subfield><subfield code="b">News Pub. Co.</subfield></datafield><datafield ind1=" " ind2=" " tag="300"><subfield code="a">v.</subfield></datafield><datafield ind1=" " ind2=" " tag="310"><subfield code="a">Daily (except Sunday)</subfield></datafield><datafield ind1="0" ind2=" " tag="362"><subfield code="a">-v. 74, no. 130 (Jan. 14, 1964).</subfield></datafield><datafield ind1=" " ind2=" " tag="500"><subfield code="a">Published on Saturdays with: El Dorado daily news, and called: Consolidated issue of the Evening times and El Dorado daily news, July 13-Aug. 24, 1963; Combined features of the Evening times and El Dorado daily news, Aug. 31, 1963-Jan. 11, 1964.</subfield></datafield><datafield ind1=" " ind2=" " tag="515"><subfield code="a">Consolidated Saturday issues bear dual numbering, July 13-Aug. 24, 1963. Saturday issues bear numbering of El Dorado daily news, Aug. 31, 1963-Jan. 11, 1964.</subfield></datafield><datafield ind1=" " ind2=" " tag="515"><subfield code="a">Suspended with Sept. 19, 1927 issue. Resumed in 1928?</subfield></datafield><datafield ind1=" " ind2=" " tag="588"><subfield code="a">Description based on: Vol. 36, no. 101 (Oct. 1, 1925).</subfield></datafield><datafield ind1=" " ind2="0" tag="651"><subfield code="a">El Dorado (Ark.)</subfield><subfield code="v">Newspapers.</subfield></datafield><datafield ind1=" " ind2="7" tag="655"><subfield code="a">Newspapers.</subfield><subfield code="2">fast</subfield><subfield code="0">(OCoLC)fst01423814</subfield></datafield><datafield ind1=" " ind2="7" tag="651"><subfield code="a">Arkansas</subfield><subfield code="z">El Dorado.</subfield><subfield code="2">fast</subfield><subfield code="0">(OCoLC)fst01216779</subfield></datafield><datafield ind1=" " ind2=" " tag="752"><subfield code="a">United States</subfield><subfield code="b">Arkansas</subfield><subfield code="c">Union</subfield><subfield code="d">El Dorado.</subfield></datafield><datafield ind1="0" ind2="0" tag="785"><subfield code="t">Dorado times (El Dorado, Ark. : Daily)</subfield><subfield code="w">(DLC)sn 91050171</subfield></datafield></record>